@Article{Dong17,
  author = 	 "Xin Dong and Shangyu Chen and Sinno Jialin Pan",
  title = 	 "Learning to Prune Deep Neural Networks via Layer-wise Optimal Brain Surgeon",
  journal =	 "Advances in Neural Information Processing Systems (NIPS 2017)",
  year =	 "2017",
  month = "11",
  volume =	 "30",
  url       =  "https://arxiv.org/pdf/1705.07565"
  
}

@Article{Hassibi93,
    author = "Hassibi, Babak and G.Stork, David and J. Wolff, Gregory",
    year = "1993",
    month = "02",
    pages = "293 - 299 vol.1",
    title = "Optimal Brain Surgeon and general network pruning",
    isbn = "0-7803-0999-5",
    booktitle = "1993 IEEE International Conference on Neural Networks"
}

@Article{Han15,
  author    = "Song Han and Huizi Mao and William J. Dally",
  title     = "Deep Compression: Compressing Deep Neural Network with Pruning, Trained Quantization and Huffman Coding",
  journal   = "CoRR",
  year      = "2015",
  url       = "http://arxiv.org/abs/1510.00149",
}

@Article{Louizos17,
   author = "Louizos, C. and Welling, M. and Kingma, D.~P.",
   title = "{Learning Sparse Neural Networks through $L\_0$ Regularization}",
   journal = {ArXiv e-prints},
   archivePrefix = "arXiv",
   eprint = {1712.01312},
   year = "2017",
   month = "12",
  adsurl = {http://adsabs.harvard.edu/abs/2017arXiv171201312L},
  adsnote = {Provided by the SAO/NASA Astrophysics Data System}
}

@Article{Augasta11,
   author = "M.Gethsiyal Augasta and T. Kathirvalavakumar",
   title = "A Novel Pruning Algorithm for Optimizing Feedforward Neural Network of Classification Problems",
   journal = "Neural Processing Letters",
   volume    = "34",
   pages = "241-258",
   year = "2011",
   month = "12",
   doi="10.1007/s11063-011-9196-7",
}

@Article{Augasta13,
	author="Augasta, M. Gethsiyal and Kathirvalavakumar, T.",
	title="Pruning algorithms of neural networks --- a comparative study",
	journal="Central European Journal of Computer Science",
	year="2013",
	month="Sep",
	day="01",
	volume="3",
	number="3",
	pages="105--115",
	issn="2081-9935",
	doi="10.2478/s13537-013-0109-x",
	url="https://doi.org/10.2478/s13537-013-0109-x"
}